@PAPER{Pix2Pix,
author = { Phillip.I and J.Zhu and T.Zhou and A.A.Efros },
title = {Image-to-Image with Conditional Adversarial Networks},
year = {2018}
}
@PAPER{Driving-to-safety,
author = {Nidhi Kalra and Susan M. Paddock},
title = {Driving to safety - How Many Miles of Driving Would It Take to Demonstrate Autonomous Vehicle Reliability?},
year = {2016}
}

@misc{CARLA-Simulator,
  title = {{CARLA} Simulator},
  howpublished = {\url{https://carla.org/}},
}

@misc{CARLA-Documentation,
    title = {CARLA API Documentation},
    howpublished = { \url{https://carla.readthedocs.io/en/latest/python_api/} },

}

@misc{CARLA-Sensors-Reference,
    title = {CARLA Sensors Reference},
    howpublished = { \url{https://carla.readthedocs.io/en/latest/ref_sensors/} },
}

@misc{U-Net,
  title = {U-Net architecture},
  howpublished = { \url{https://en.wikipedia.org/wiki/U-Net} },

}